<?xml version="1.0" encoding="UTF-8"?><collection xmlns="http://www.loc.gov/MARC21/slim"><record><leader>00395nam--2200145-i-4500</leader><controlfield tag="001">000035996</controlfield><controlfield tag="002">20161230</controlfield><controlfield tag="005">20161230201040</controlfield><controlfield tag="008">060222s1000------------r-----000-0-eng-d</controlfield><datafield ind1=" " ind2=" " tag="080"><subfield code="a">514.7:53</subfield></datafield><datafield ind1=" " ind2=" " tag="100"><subfield code="a">Omohundro, Stephen M</subfield></datafield><datafield ind1=" " ind2=" " tag="245"><subfield code="a">Geometric perturbation theory in physics</subfield></datafield><datafield ind1=" " ind2=" " tag="260"><subfield code="a">Singapore, World Scientific, 1986, Xxv + 560p</subfield></datafield><datafield ind1=" " ind2=" " tag="852"><subfield code="a">74724</subfield><subfield code="c">513</subfield></datafield><datafield ind1=" " ind2=" " tag="CAT"><subfield code="a">Sys</subfield><subfield code="c">20080529</subfield><subfield code="h">111314</subfield></datafield></record></collection>